
@article{haidt2004,
	title = {Intuitive Ethics: How Innately Prepared Intuitions Generate Culturally Variable Virtues},
	author = {Haidt, Jonathan and Joseph, Craig},
	year = {2004},
	date = {2004},
	journal = {Daedalus},
	pages = {55--66},
	volume = {133},
	number = {4},
	url = {https://www.jstor.org/stable/20027945},
	note = {Publisher: The MIT Press}
}

@article{haidt2004,
	title = {Intuitive Ethics: How Innately Prepared Intuitions Generate Culturally Variable Virtues},
	author = {Haidt, Jonathan and Joseph, Craig},
	year = {2004},
	date = {2004},
	journal = {Daedalus},
	pages = {55--66},
	volume = {133},
	number = {4},
	url = {https://www.jstor.org/stable/20027945},
	note = {Publisher: The MIT Press}
}

@article{graham2011,
	title = {Mapping the moral domain},
	author = {Graham, Jesse and Nosek, Brian A. and Haidt, Jonathan and Iyer, Ravi and Koleva, Spassena and Ditto, Peter H.},
	year = {2011},
	date = {2011},
	journal = {Journal of Personality and Social Psychology},
	pages = {366--385},
	volume = {101},
	number = {2},
	doi = {10.1037/a0021847},
	note = {Place: US
Publisher: American Psychological Association}
}

@techreport{bradley1999,
	title = {Affective Norms for English Words (ANEW): Instruction Manual and Affective Ratings},
	author = {Bradley, Margaret M and Lang, Peter J},
	year = {1999},
	date = {1999},
	address = {The Center for Research in Psychophysiology},
	langid = {en}
}

@article{leveau2012,
	title = {Validating an interlingual metanorm for emotional analysis of texts},
	author = {Leveau, Nicolas and Jhean-Larose, Sandra and {Denhière}, Guy and Nguyen, Ba-Linh},
	year = {2012},
	month = {12},
	date = {2012-12},
	journal = {Behavior Research Methods},
	pages = {1007--1014},
	volume = {44},
	number = {4},
	doi = {10.3758/s13428-012-0208-y},
	url = {http://link.springer.com/10.3758/s13428-012-0208-y},
	langid = {en}
}

@misc{hutto2021,
	title = {Welcome to VaderSentiment{\textquoteright}s documentation! {\textemdash} VaderSentiment 3.3.1 documentation},
	author = {Hutto, CJ},
	year = {2021},
	date = {2021},
	url = {https://vadersentiment.readthedocs.io/en/latest/}
}

@misc{loria2020,
	title = {Tutorial: Quickstart {\textemdash} TextBlob 0.16.0 documentation},
	author = {Loria, Steven},
	year = {2020},
	date = {2020},
	url = {https://textblob.readthedocs.io/en/dev/quickstart.html}
}

@article{byrne2001,
	title = {Structural Equation Modeling With AMOS, EQS, and LISREL: Comparative Approaches to Testing for the Factorial Validity of a Measuring Instrument},
	author = {Byrne, Barbara M.},
	year = {2001},
	month = {03},
	date = {2001-03},
	journal = {International Journal of Testing},
	pages = {55--86},
	volume = {1},
	number = {1},
	doi = {10.1207/S15327574IJT0101_4},
	url = {http://www.tandfonline.com/doi/abs/10.1207/S15327574IJT0101_4},
	langid = {en}
}

@article{widaman1985,
	title = {Hierarchically Nested Covariance Structure Models for Multitrait-Multimethod Data},
	author = {Widaman, Keith F.},
	year = {1985},
	month = {03},
	date = {1985-03},
	journal = {Applied Psychological Measurement},
	pages = {1--26},
	volume = {9},
	number = {1},
	doi = {10.1177/014662168500900101},
	url = {http://journals.sagepub.com/doi/10.1177/014662168500900101},
	langid = {en}
}

@article{hu1999,
	title = {Cutoff criteria for fit indexes in covariance structure analysis: Conventional criteria versus new alternatives},
	author = {Hu, Li-tze and Bentler, Peter M.},
	year = {1999},
	month = {01},
	date = {1999-01},
	journal = {Structural Equation Modeling: A Multidisciplinary Journal},
	pages = {1--55},
	volume = {6},
	number = {1},
	doi = {10.1080/10705519909540118},
	note = {ISBN: 1070551115328
Publisher: Taylor & Francis Group
PMID: 3384345}
}

@article{steiger1990,
	title = {Structural Model Evaluation and Modification: An Interval Estimation Approach},
	author = {Steiger, James H.},
	year = {1990},
	date = {1990},
	journal = {Multivariate Behavioral Research},
	pages = {173--180},
	volume = {25},
	number = {2},
	doi = {10.1207/s15327906mbr2502_4},
	note = {Publisher: Lawrence Erlbaum Associates, Inc.}
}

@article{bentler1980,
	title = {Significance tests and goodness of fit in the analysis of covariance structures.},
	author = {Bentler, P. M. and Bonett, Douglas G.},
	year = {1980},
	date = {1980},
	journal = {Psychological Bulletin},
	pages = {588--606},
	volume = {88},
	number = {3},
	doi = {10.1037/0033-2909.88.3.588}
}

@article{bentler1990,
	title = {Comparative fit indexes in structural models.},
	author = {Bentler, P. M.},
	year = {1990},
	date = {1990},
	journal = {Psychological Bulletin},
	pages = {238--246},
	volume = {107},
	number = {2},
	doi = {10.1037/0033-2909.107.2.238}
}

@article{jöreskog1971,
	title = {Simultaneous factor analysis in several populations},
	author = {{Jöreskog}, K. G.},
	year = {1971},
	month = {12},
	date = {1971-12-01},
	journal = {Psychometrika},
	pages = {409--426},
	volume = {36},
	number = {4},
	doi = {10.1007/BF02291366},
	url = {https://doi.org/10.1007/BF02291366},
	langid = {en}
}

@article{nelson2004,
	title = {The University of South Florida free association, rhyme, and word fragment norms},
	author = {Nelson, Douglas L. and McEvoy, Cathy L. and Schreiber, Thomas A.},
	year = {2004},
	month = {08},
	date = {2004-08-01},
	journal = {Behavior Research Methods, Instruments, & Computers},
	pages = {402--407},
	volume = {36},
	number = {3},
	doi = {10.3758/BF03195588},
	url = {https://doi.org/10.3758/BF03195588},
	langid = {en}
}

@article{dedeyne2019,
	title = {The {\textquotedblleft}Small World of Words{\textquotedblright} English word association norms for over 12,000 cue words},
	author = {De Deyne, Simon and Navarro, Danielle J. and Perfors, Amy and Brysbaert, Marc and Storms, Gert},
	year = {2019},
	month = {06},
	date = {2019-06-01},
	journal = {Behavior Research Methods},
	pages = {987--1006},
	volume = {51},
	number = {3},
	doi = {10.3758/s13428-018-1115-7},
	url = {https://doi.org/10.3758/s13428-018-1115-7},
	langid = {en}
}

@article{feinerer2008,
	title = {Text Mining Infrastructure in {\emph{R}}},
	author = {Feinerer, Ingo and Hornik, Kurt and Meyer, David},
	year = {2008},
	date = {2008},
	journal = {Journal of Statistical Software},
	volume = {25},
	number = {5},
	doi = {10.18637/jss.v025.i05},
	url = {http://www.jstatsoft.org/v25/i05/},
	langid = {en}
}

@book{perry2024,
	title = {corpus: Text Corpus Analysis},
	author = {Perry, Patrick O.},
	year = {2024},
	date = {2024},
	url = {https://leslie-huang.github.io/r-corpus/}
}
